<?xml version="1.0" encoding="UTF-8"?><collection xmlns="http://www.loc.gov/MARC21/slim"><record><leader>00354nam--2200133-i-4500</leader><controlfield tag="001">000039388</controlfield><controlfield tag="002">20161230</controlfield><controlfield tag="005">20161230201042</controlfield><controlfield tag="008">060222s1000------------r-----000-0-eng-d</controlfield><datafield ind1=" " ind2=" " tag="080"><subfield code="a">621.7</subfield></datafield><datafield ind1=" " ind2=" " tag="245"><subfield code="a">Prelucrarea la cald in forje</subfield></datafield><datafield ind1=" " ind2=" " tag="260"><subfield code="a">Bucuresti, Editura Confederatiei Generale A Muncii, 1950, 114p</subfield></datafield><datafield ind1=" " ind2=" " tag="490"><subfield code="a">Colectia Tehnica, 18</subfield></datafield><datafield ind1=" " ind2=" " tag="852"><subfield code="a">26446</subfield></datafield></record></collection>